@article{McKee_2007,
  doi = {10.1146/annurev.astro.45.051806.110602},
  url = {http://dx.doi.org/10.1146/annurev.astro.45.051806.110602},
  year = {2007},
  month = {sep},
  publisher = {Annual Reviews},
  volume = {45},
  number = {1},
  pages = {565--687},
  author = {Christopher F. McKee and Eve C. Ostriker},
  title = {{Theory of Star Formation}},
  journal = {Annual Review of Astronomy and Astrophysics},
}


@book{Draine11,
  abstract = {Not Available},
  adsnote = {Provided by the SAO/NASA Astrophysics Data System},
  adsurl = {http://adsabs.harvard.edu/abs/2011piim.book.....D},
  author = {{Draine}, B.~T.},
  booktitle = {Physics of the Interstellar and Intergalactic Medium by Bruce T.~Draine.~Princeton University Press, 2011.~ISBN: 978-0-691-12214-4},
  date-added = {2014-12-15 03:48:09 +0000},
  date-modified = {2014-12-15 03:48:09 +0000},
  title = {{Physics of the Interstellar and Intergalactic Medium}},
  year = {2011},
  bdsk-url-1 = {http://adsabs.harvard.edu/cgi-bin/nph-data_query?bibcode=2011piim.book.....D&link_type=EJOURNAL&db_key=AST&high=},
  bdsk-url-2 = {http://adsabs.harvard.edu/abs/2011piim.book.....D},
}
